@BOOK{Leishman02,
	author = {},
	title = {},
	publisher = {Leishman J G. A history of helicopter flight. [Электронный ресурс]. University of Maryland. URL: http://terpconnect.umd.edu/~leishman/Aero/history.html. – 2000.},
	year = {}
}

@BOOK{Leishman01,
	author = {},
	title = {},
	publisher = {Leishman J.G. The breguet-richet quad-rotor helicopter of 1907 //Vertiflite. – 2002. – Т. 47. – №. 3. – С. 58-60.},
	year = {}
}

@BOOK{Bashi01,
	author = {},
	title = {},
	publisher = {Bashi O.I.D. et al. Unmanned Aerial Vehicle Quadcopter: A Review //Journal of Computational and Theoretical Nanoscience. – 2017. – Т. 14. – №. 12. – С. 5663-5675.},
	year = {}
}

@BOOK{Salih01,
	author = {},
	title = {},
	publisher = {Salih A. L. et al. Modelling and PID controller design for a quadrotor unmanned air vehicle //2010 IEEE International Conference on Automation, Quality аnd Testing, Robotics (AQTR). – IEEE, 2010. – Т. 1. – С. 1-5.},
	year = {}
}

@BOOK{Amelkin01,
	author = {},
	title = {},
	publisher = {Амелькин Н. И. Кинематика и динамика твердого тела //М.: МФТИ. – 2000. -- 80 c.},
	year = {}
}

@BOOK{Biard01,
	author = {},
	title = {},
	publisher = {МакЛэйн Т., Биард Р. Малые беспилотные летательные аппараты: теория и практика. – Litres, 2017. -- 312 с.},
	year = {}
}

@BOOK{Falconi01,
	author = {},
	title = {},	
	publisher = {Falconi R., Melchiorri C. Dynamic model and control of an over-actuated quadrotor uav //IFAC Proceedings Volumes. – 2012. – Т. 45. – №. 22. – С. 192-197.},
	year = {}
}

@BOOK{Ryll01,
	author = {},
	title = {},
	publisher = {Ryll M., Bülthoff H. H., Giordano P. R. A novel overactuated quadrotor unmanned aerial vehicle: Modeling, control, and experimental validation //IEEE Transactions on Control Systems Technology. – 2015. – Т. 23. – №. 2. – С. 540-556.},
	year = {}
}

@BOOK{Lee02,
	author = {},
	title = {},
	publisher = {Lee T., Leok M., McClamroch N. H. Geometric tracking control of a quadrotor UAV on SE (3) //49th IEEE conference on decision and control (CDC). – IEEE, 2010. – С. 5420-5425.},
	year = {}
}

@BOOK{Sharifi01,
	author = {},
	title = {},
	publisher = {Sharifi F. et al. Fault tolerant control of a quadrotor UAV using sliding mode control //2010 Conference on Control and Fault-Tolerant Systems (SysTol). – IEEE, 2010. – С. 239-244.},
	year = {}
}

@BOOK{Luukkonen01,
	author = {},
	title = {},
	publisher = {Luukkonen T. Modelling and control of quadcopter //Independent research project in applied mathematics, Espoo. – 2011. – Т. 22.},
	year = {}
}

@BOOK{Bemporad01,
	author = {},
	title = {},
	publisher = {Bemporad A., Pascucci C. A., Rocchi C. Hierarchical and hybrid model predictive control of quadcopter air vehicles //IFAC Proceedings Volumes. – 2009. – Т. 42. – №. 17. – С. 14-19.},
	year = {}
}

@BOOK{Domingos01,
	author = {},
	title = {},
	publisher = {Domingos D., Camargo G., Gomide F. Autonomous fuzzy control and navigation of quadcopters //IFAC-PapersOnLine. – 2016. – Т. 49. – №. 5. – С. 73-78.},
	year = {}
}

@BOOK{Wang01,
	author = {},
	title = {},
	publisher = {Wang P. et al. Dynamics modelling and linear control of quadcopter //2016 International Conference on Advanced Mechatronic Systems (ICAMechS). – IEEE, 2016. – С. 498-503.},
	year = {}
}

@BOOK{Gheorghita01,
	author = {},
	title = {},
	publisher = {Gheorghita D. et al. Quadcopter control system //19th International Conference on System Theory, Control and Computing (ICSTCC). – IEEE, 2015. – С. 421-426.},
	year = {}
}

@BOOK{Zabko01,
	author = {},
	title = {},
	publisher = {Жабко Н.А., Лепихин Т.А. Синтез астатического регулятора для управления движением квадрокоптера //II Международная научная конференция «Конвергентные когнитивно-информационные технологии». -- 2017. -- C. 255-263.},
	year = {}
}

@BOOK{Rodriguez01,
	author = {},
	title = {},
	publisher = {Rodriguez-Canosa G. R. et al. A real-time method to detect and track moving objects (DATMO) from unmanned aerial vehicles (UAVs) using a single camera //Remote Sensing. – 2012. – Т. 4. – №. 4. – С. 1090-1111.},
	year = {}
}

@BOOK{Kendall01,
	author = {},
	title = {},
	publisher = {Kendall A. G., Salvapantula N. N., Stol K. A. On-board object tracking control of a quadcopter with monocular vision //2014 international conference on unmanned aircraft systems (ICUAS). – IEEE, 2014. – С. 404-411.},
	year = {}
}

@BOOK{Razinkova01,
	author = {},
	title = {},
	publisher = {Razinkova A., Cho H. C. Tracking a moving ground object using quadcopter UAV in a presence of noise //2015 IEEE International Conference on Advanced Intelligent Mechatronics (AIM). – IEEE, 2015. – С. 1546-1551.},
	year = {}
}

@BOOK{Ali01,
	author = {},
	title = {},
	publisher = {Ali Q., Montenegro S. Explicit model following distributed control scheme for formation flying of mini UAVs //IEEE Access. – 2016. – Т. 4. – С. 397-406.},
	year = {}
}

@BOOK{Zhao01,
	author = {},
	title = {},
	publisher = {Zhao W., Go T. H. Quadcopter formation flight control combining MPC and robust feedback linearization //Journal of the Franklin Institute. – 2014. – Т. 351. – №. 3. – С. 1335-1355.},
	year = {}
}

@BOOK{Preiss01,
	author = {},
	title = {},
	publisher = {Preiss J. A. et al. Crazyswarm: A large nano-quadcopter swarm //2017 IEEE International Conference on Robotics and Automation (ICRA). – IEEE, 2017. – С. 3299-3304.},
	year = {}
}


@BOOK{Cutler01,
	author = {},
	title = {},	
	publisher = {Cutler M. et al. Comparison of fixed and variable pitch actuators for agile quadrotors //AIAA Guidance, Navigation, and Control Conference. – 2011. – С. 6406.},
	year = {}
}

@BOOK{Cutler02,
	author = {},
	title = {},	
	publisher = {Cutler M., How J. Actuator constrained trajectory generation and control for variable-pitch quadrotors //AIAA Guidance, Navigation, and Control Conference. – 2012. – С. 4777.},
	year = {}
}

@BOOK{Sridhar02,
	author = {},
	title = {},
	publisher = {Sridhar S. et al. Non-linear sliding mode control of a tilting-rotor quadcopter //ASME 2017 Dynamic Systems and Control Conference. – American Society of Mechanical Engineers, 2017. – С. V001T09A007-V001T09A007.},
	year = {}
}

@BOOK{Kumar02,
	author = {},
	title = {},
	publisher = {Kumar R. et al. Tilting-rotor quadcopter for aggressive flight maneuvers using differential flatness based flight controller //ASME 2017 Dynamic Systems and Control Conference. – American Society of Mechanical Engineers, 2017. – С. V003T39A006-V003T39A006.},
	year = {}
}

@BOOK{Ryll02,
	author = {},
	title = {},
	publisher = {Ryll M., Bulthoff H.H., Giordano P.R. Modeling and control of a quadrotor UAV with tilting propellers //2012 IEEE International Conference on Robotics and Automation. – IEEE, 2012. – С. 4606-4613.},
	year = {}
}

@BOOK{Kaufman01,
	author = {},
	title = {},
	publisher = {Kaufman E. et al. Design and development of a free-floating hexrotor uav for 6-dof maneuvers //2014 IEEE Aerospace Conference. – IEEE, 2014. – С. 1-10.},
	year = {}
}

@BOOK{Astrom01,
	author = {},
	title = {},
	publisher = {Astrom K. J., Hagglund T. PID Controllers: Theory, Design and Tuning -- USA, Durhem: «The Instrumentation, Systems, and Automation Society», 1995. -- 343 c.},
	year = {},
}

@BOOK{Zulu01,
	author = {},
	title = {},
	publisher = {Zulu A., John S.A. Review of Control Algorithms for Autonomous Quadrotors. [Электронный ресурс]. ArXiv. URL: \textit{https://arxiv.org/abs/1602.02622}},
	year = {},
}

@BOOK{Li01,
	author = {},
	title = {},
	publisher = {Li J., Li Y. Dynamic analysis and PID control for a quadrotor //2011 IEEE International Conference on Mechatronics and Automation. – IEEE, 2011. – С. 573-578.},
	year = {}
}

@BOOK{Mellinger01,
	author = {},
	title = {},
	publisher = {Mellinger D., Kumar V. Minimum snap trajectory generation and control for quadrotors //2011 IEEE International Conference on Robotics and Automation. – IEEE, 2011. – С. 2520-2525.},
	year = {}
}

@BOOK{Belinskaya01,
	author = {},
	title = {},
	publisher = {Белинская Ю.С. Решение задачи терминального управления для плоской системы с учетом ограничений заменой плоского выхода //Вестник Московского государственного технического университета им. НЭ Баумана. Серия «Естественные науки». – 2016. – №. 6 (69).},
	year = {}
}

@BOOK{Nieuwstadt01,
	author = {},
	title = {},
	publisher = {Van Nieuwstadt M.J., Murray R.M. Real-time trajectory generation for differ- entially flat systems //International Journal of Robust and Nonlinear Control IFAC-Affiliated Journal. -- 1998. -- T. 8 -- №. 11. -- C. 995-1020.},
	year = {}
}

@BOOK{Bouabdallah01,
	author = {},
	title = {},
	publisher = {Bouabdallah S., Noth A., Siegwart R. PID vs LQ control techniques applied to an indoor micro quadrotor //2004 IEEE/RSJ International Conference on Intelligent Robots and Systems. – IEEE, 2004. – Т. 3. – С. 2451-2456.},
	year = {}
}

@BOOK{Reyes-Valeria01,
	author = {},
	title = {},
	publisher = {Reyes-Valeria E. et al. LQR control for a quadrotor using unit quaternions: Modeling and simulation //CONIELECOMP 2013, 23rd International Conference on Electronics, Communications and Computing. – IEEE, 2013. – С. 172-178.},
	year = {}
}

@BOOK{Minh01,
	author = {},
	title = {},
	publisher = {Minh L. D., Ha C. Modeling and control of quadrotor MAV using vision-based measurement //International Forum on Strategic Technology 2010. – IEEE, 2010. – С. 70-75.},
	year = {}
}

@BOOK{Xu01,
	author = {},
	title = {},
	publisher = {Xu R., Ozguner U. Sliding mode control of a quadrotor helicopter //Proceedings of the 45th IEEE Conference on Decision and Control. – IEEE, 2006. – С. 4957-4962.},
	year = {}
}

@BOOK{Runcharoon01,
	author = {},
	title = {},
	publisher = {Runcharoon K., Srichatrapimuk V. Sliding mode control of quadrotor //2013 The International Conference on Technological Advances in Electrical, Electronics and Computer Engineering (TAEECE). – IEEE, 2013. – С. 552-557.},
	year = {}
}

@BOOK{Sumantri01,
	author = {},
	title = {},
	publisher = {Sumantri B. et al. Robust tracking control of a Quad-Rotor helicopter utilizing sliding mode control with a nonlinear sliding surface //Journal of System Design and Dynamics. – 2013. – Т. 7. – №. 2. – С. 226-241.},
	year = {}
}

@BOOK{Huo01,
	author = {},
	title = {},
	publisher = {Huo X., Huo M., Karimi H.R. Attitude stabilization control of a quadrotor UAV by using backstepping approach //Mathematical Problems in Engineering. – 2014.},
	year = {}
}

@BOOK{Palunko01,
	author = {},
	title = {},
	publisher = {Palunko I., Fierro R. Adaptive control of a quadrotor with dynamic changes in the center of gravity //IFAC Proceedings Volumes. – 2011. – Т. 44. – №. 1. – С. 2626-2631.},
	year = {}
}

@BOOK{Roza01,
	author = {},
	title = {},
	publisher = {Roza A., Maggiore M. Path following controller for a quadrotor helicopter //2012 American Control Conference (ACC). – IEEE, 2012. – С. 4655-4660.},
	year = {}
}

@BOOK{Lee01,
	author = {},
	title = {},
	publisher = {Lee D., Kim H. J., Sastry S. Feedback linearization vs. adaptive sliding mode control for a quadrotor helicopter //International Journal of control, Automation and systems. – 2009. – Т. 7. – №. 3. – С. 419-428.},
	year = {}
}

@BOOK{Bai01,
	author = {},
	title = {},
	publisher = {Bai Y. et al. Robust control of quadrotor unmanned air vehicles //Proceedings of the 31st Chinese Control Conference. – IEEE, 2012. – С. 4462-4467.},
	year = {}
}

@BOOK{Tony01,
	author = {},
	title = {},
	publisher = {Ton C. T., Mackunis W. Robust attitude tracking control of a quadrotor helicopter in the presence of uncertainty //2012 IEEE 51st IEEE Conference on Decision and Control (CDC). – IEEE, 2012. – С. 937-942.},
	year = {}
}

@BOOK{Satici01,
	author = {},
	title = {},
	publisher = {Satici A. C., Poonawala H., Spong M. W. Robust optimal control of quadrotor UAVs //IEEE Access. – 2013. – Т. 1. – С. 79-93.},
	year = {}
}

@BOOK{Falkenberg01,
	author = {},
	title = {},
	publisher = {Falkenberg O. et al. Model Identification and $\mathcal {H} _ {\infty} $ Attitude Control for Quadrotor MAV’s //International Conference on Intelligent Robotics and Applications. – Springer, Berlin, Heidelberg, 2012. – С. 460-471.},
	year = {}
}

@BOOK{Raffo01,
	author = {},
	title = {},
	publisher = {Raffo G.V., Ortega M.G., Rubio F.R. An integral predictive/nonlinear $\mathcal {H} _ {\infty} $ control structure for a quadrotor helicopter //Automatica. – 2010. – Т. 46. – №. 1. – С. 29-39.},
	year = {}
}

@BOOK{Dierks01,
	author = {},
	title = {},
	publisher = {Dierks T., Jagannathan S. Output feedback control of a quadrotor UAV using neural networks //IEEE transactions on neural networks. – 2010. – Т. 21. – №. 1. – С. 50-66.},
	year = {}
}

@BOOK{Santos01,
	author = {},
	title = {},
	publisher = {Santos M., Lopez V., Morata F. Intelligent fuzzy controller of a quadrotor //2010 IEEE International Conference on Intelligent Systems and Knowledge Engineering. – IEEE, 2010. – С. 141-146.},
	year = {}
}

@BOOK{Nicol01,
	author = {},
	title = {},
	publisher = {Nicol C., Macnab C. J. B., Ramirez-Serrano A. Robust neural network control of a quadrotor helicopter //2008 Canadian Conference on Electrical and Computer Engineering. – IEEE, 2008. – С. 001233-001238.},
	year = {}
}

@BOOK{Andersson01,
	author = {},
	title = {},
	publisher = {Andersson O., Wzorek M., Doherty P. Deep learning quadcopter control via risk-aware active learning //Thirty-First AAAI Conference on Artificial Intelligence. – 2017. -- C. 3812-3818.},
	year = {}
}

@BOOK{Stolc01,
	author = {},
	title = {},	
	publisher = {Шольц Г., Троммер Г. Ф. Модельное управление квадрокоптерами с поворотными роторами //Гироскопия и навигация. – 2015. – №. 4. – С. 131-146.},
	year = {}
}

@BOOK{Invernizzi01,
	author = {},
	title = {},
	publisher = {Invernizzi D., Lovera M. Geometric tracking control of a quadcopter tiltrotor UAV //IFAC-PapersOnLine. – 2017. – Т. 50. – №. 1. – С. 11565-11570.},
	year = {}
}

@BOOK{Nemati01,
	author = {},
	title = {},
	publisher = {Nemati A., Kumar M. Non-linear control of tilting-quadcopter using feedback linearization based motion control //ASME 2014 Dynamic Systems and Control Conference. – American Society of Mechanical Engineers, 2014. – С. V003T48A005-V003T48A005.},
	year = {}
}

@BOOK{Yih01,
	author = {},
	title = {},
	publisher = {Yih C. C. Flight control of a tilt-rotor quadcopter via sliding mode //2016 International Automatic Control Conference (CACS). – IEEE, 2016. – С. 65-70.},
	year = {}
}

@BOOK{Oosedo01,
	author = {},
	title = {},
	publisher = {Oosedo A. et al. Flight control systems of a quad tilt rotor unmanned aerial vehicle for a large attitude change //2015 IEEE International Conference on Robotics and Automation (ICRA). – IEEE, 2015. – С. 2326-2331.},
	year = {}
}

@BOOK{Alkamachi01,
	author = {},
	title = {},
	publisher = {Alkamachi A., Ercelebi E. Modelling and control of H-shaped racing quadcopter with tilting propellers //Facta Universitatis, Series: Mechanical Engineering. – 2017. – Т. 15. – №. 2. – С. 201-215.},
	year = {}
}

@BOOK{Tamami01,
	author = {Tamami N., Pitowarno E., Astawa I. G. P.},
	title = {Proportional Derivative Active Force Control for X Configuration Quadcopter},
	publisher = {Journal of Mechatronics, Electrical Power, and Vehicular Technology},
	year = {2014}
}

@BOOK{Madani01,
	author = {Madani T. and Benallegue A.},
	title = {Backstepping Control for a Quadrotor Helicopter},
	publisher = {Proceedings of the 2006 IEEE/RSJ International Conference on Intelligent Robots and Systems},
	year = {2006}
}

@BOOK{Bara01,
	author = {Emran, Bara, Aydin Yesildirek},
	title = {Nonlinear Composite Adaptive Control for Quadrotor Copter},
	publisher = {The International Conference on Electrical and Electronics Engineering, Clean Energy and Green Computing},
	year = {2013}
}

@BOOK{Habib01,
	author = {Elkholy, Heba and Habib, Maki},
	title = {Dynamic Modeling and Control Techniques for a Quadrotor},
	publisher = {Handbook of Research on Advancements in Robotics and Mechatronics},
	year = {2015}
}

